@article{friedman2001greedy,
  title={Greedy function approximation: a gradient boosting machine},
  author={Friedman, Jerome H},
  journal={Annals of statistics},
  pages={1189--1232},
  year={2001},
  publisher={JSTOR}
}

@inproceedings{DBLP:conf/www/SunMYTLC15,
  author    = {Huan Sun and
               Hao Ma and
               Wen{-}tau Yih and
               Chen{-}Tse Tsai and
               Jingjing Liu and
               Ming{-}Wei Chang},
  title     = {Open Domain Question Answering via Semantic Enrichment},
  booktitle = {Proceedings of the 24th International Conference on World Wide Web,
               {WWW} 2015, Florence, Italy, May 18-22, 2015},
  pages     = {1045--1055},
  year      = {2015},
  timestamp = {Tue, 06 Nov 2018 16:57:08 +0100},
  bibsource = {dblp computer science bibliography, https://dblp.org}
}

@article{mann1988rhetorical,
  title={Rhetorical structure theory: Toward a functional theory of text organization},
  author={Mann, William C and Thompson, Sandra A},
  journal={Text-Interdisciplinary Journal for the Study of Discourse},
  volume={8},
  number={3},
  pages={243--281},
  year={1988},
  publisher={Walter de Gruyter, Berlin/New York}
}

@inproceedings{DBLP:conf/sigdial/DasSBS18,
  author    = {Debopam Das and
               Tatjana Scheffler and
               Peter Bourgonje and
               Manfred Stede},
  title     = {Constructing a Lexicon of English Discourse Connectives},
  booktitle = {Proceedings of the 19th Annual SIGdial Meeting on Discourse and Dialogue,
               Melbourne, Australia, July 12-14, 2018},
  pages     = {360--365},
  year      = {2018},
  timestamp = {Sat, 04 Aug 2018 15:18:06 +0200},
  bibsource = {dblp computer science bibliography, https://dblp.org}
}

@misc{das2014rst,
  title={RST signalling corpus annotation manual},
  author={Das, Debopam and Taboada, Maite},
  year={2014},
  publisher={Simon Fraser University. Available from: http://www. sfu. ca/\~{} mtaboada/docs~â€¦}
}

@inproceedings{DBLP:conf/naacl/MichaelSHDZ18,
  author    = {Julian Michael and
               Gabriel Stanovsky and
               Luheng He and
               Ido Dagan and
               Luke Zettlemoyer},
  title     = {Crowdsourcing Question-Answer Meaning Representations},
  booktitle = {Proceedings of the 2018 Conference of the North American Chapter of
               the Association for Computational Linguistics: Human Language Technologies,
               NAACL-HLT, New Orleans, Louisiana, USA, June 1-6, 2018, Volume 2 (Short
               Papers)},
  pages     = {560--568},
  year      = {2018},
  timestamp = {Wed, 30 May 2018 15:04:59 +0200},
  bibsource = {dblp computer science bibliography, https://dblp.org}
}

@article{DBLP:journals/coling/MarcusSM94,
  author    = {Mitchell P. Marcus and
               Beatrice Santorini and
               Mary Ann Marcinkiewicz},
  title     = {Building a Large Annotated Corpus of English: The Penn Treebank},
  journal   = {Computational Linguistics},
  volume    = {19},
  number    = {2},
  pages     = {313--330},
  year      = {1993},
  timestamp = {Tue, 06 Dec 2005 15:19:37 +0100},
  bibsource = {dblp computer science bibliography, https://dblp.org}
}

@misc{chollet2015keras,
  title={Keras},
  author={Chollet, Fran{\c{c}}ois and others},
  year={2015}
}

@article{DBLP:journals/corr/KingmaB14,
  author    = {Diederik P. Kingma and
               Jimmy Ba},
  title     = {Adam: {A} Method for Stochastic Optimization},
  journal   = {CoRR},
  volume    = {abs/1412.6980},
  year      = {2014},
  archivePrefix = {arXiv},
  timestamp = {Wed, 07 Jun 2017 14:40:52 +0200},
  bibsource = {dblp computer science bibliography, https://dblp.org}
}

@inproceedings{DBLP:conf/acl/ChoiHUPLB17,
  author    = {Eunsol Choi and
               Daniel Hewlett and
               Jakob Uszkoreit and
               Illia Polosukhin and
               Alexandre Lacoste and
               Jonathan Berant},
  title     = {Coarse-to-Fine Question Answering for Long Documents},
  booktitle = {Proceedings of the 55th Annual Meeting of the Association for Computational
               Linguistics, {ACL} 2017, Vancouver, Canada, July 30 - August 4, Volume
               1: Long Papers},
  pages     = {209--220},
  year      = {2017},
  timestamp = {Fri, 04 Aug 2017 16:38:24 +0200},
  bibsource = {dblp computer science bibliography, https://dblp.org}
}

@article{DBLP:journals/ftir/RobertsonZ09,
  author    = {Stephen E. Robertson and
               Hugo Zaragoza},
  title     = {The Probabilistic Relevance Framework: {BM25} and Beyond},
  journal   = {Foundations and Trends in Information Retrieval},
  volume    = {3},
  number    = {4},
  pages     = {333--389},
  year      = {2009},
  timestamp = {Wed, 14 Nov 2018 10:14:03 +0100},
  bibsource = {dblp computer science bibliography, https://dblp.org}
}

@inproceedings{DBLP:conf/osdi/AbadiBCCDDDGIIK16,
  author    = {Mart{\'{\i}}n Abadi and
               Paul Barham and
               Jianmin Chen and
               Zhifeng Chen and
               Andy Davis and
               Jeffrey Dean and
               Matthieu Devin and
               Sanjay Ghemawat and
               Geoffrey Irving and
               Michael Isard and
               Manjunath Kudlur and
               Josh Levenberg and
               Rajat Monga and
               Sherry Moore and
               Derek Gordon Murray and
               Benoit Steiner and
               Paul A. Tucker and
               Vijay Vasudevan and
               Pete Warden and
               Martin Wicke and
               Yuan Yu and
               Xiaoqiang Zheng},
  title     = {TensorFlow: {A} System for Large-Scale Machine Learning},
  booktitle = {12th {USENIX} Symposium on Operating Systems Design and Implementation,
               {OSDI} 2016, Savannah, GA, USA, November 2-4, 2016.},
  pages     = {265--283},
  year      = {2016},
  timestamp = {Mon, 07 Nov 2016 14:38:04 +0100},
  bibsource = {dblp computer science bibliography, https://dblp.org}
}

@article{sporleder2007exploiting,
  title={Exploiting linguistic cues to classify rhetorical relations},
  author={Sporleder, Caroline and Lascarides, Alex},
  journal={Amsterdam studies in the theory and history of linguistic science Series 4},
  volume={292},
  pages={157},
  year={2007},
  publisher={Amsterdam; Philadelphia; J. Benjamins Pub. Co; 1999}
}

@article{adequacyusing,
  title={Using Cue Phrases to Determine a Set of Rhetorical Relations},
  author={Adequacy, Descriptive},
  year={1993},
  booktitle={ORambow (ed) Intentionality and Structure in Discourse Relations: Proceedings of the ACL SIGGEN Workshop}
}

@inproceedings{bosma2005extending,
  title={Extending answers using discourse structure},
  author={Bosma, Wauter},
  booktitle={Proceedings of the RANLP Workshop on Crossing Barriers in Text Summarization Research, Borovets, Bulgaria},
  pages={2--9},
  year={2005}
}

@inproceedings{DBLP:conf/clin/Bosma04,
  author    = {Wauter Bosma},
  title     = {Query-Based Summarization using Rhetorical Structure Theory},
  booktitle = {Computational Linguistics in the Netherlands 2004, Selected Papers
               from the Fifteenth {CLIN} Meeting, December 17, Leiden Centre for
               Linguistics},
  year      = {2004},
  timestamp = {Wed, 31 Jan 2007 09:06:03 +0100},
  bibsource = {dblp computer science bibliography, https://dblp.org}
}

@article{DBLP:journals/tal/VerberneBCO06,
  author    = {Suzan Verberne and
               Lou Boves and
               Peter{-}Arno Coppen and
               Nelleke Oostdijk},
  title     = {Discourse-based answering of why-questions},
  journal   = {{TAL}},
  volume    = {47},
  number    = {2},
  pages     = {21--41},
  year      = {2006},
  timestamp = {Tue, 02 Jun 2015 19:44:19 +0200},
  bibsource = {dblp computer science bibliography, https://dblp.org}
}

@article{DBLP:journals/corr/abs-1810-04805,
  author    = {Jacob Devlin and
               Ming{-}Wei Chang and
               Kenton Lee and
               Kristina Toutanova},
  title     = {{BERT:} Pre-training of Deep Bidirectional Transformers for Language
               Understanding},
  journal   = {CoRR},
  volume    = {abs/1810.04805},
  year      = {2018},
  archivePrefix = {arXiv},
  timestamp = {Tue, 30 Oct 2018 20:39:56 +0100},
  bibsource = {dblp computer science bibliography, https://dblp.org}
}

@inproceedings{DBLP:conf/acl/JoshiCWZ17,
  author    = {Mandar Joshi and
               Eunsol Choi and
               Daniel S. Weld and
               Luke Zettlemoyer},
  title     = {TriviaQA: {A} Large Scale Distantly Supervised Challenge Dataset for
               Reading Comprehension},
  booktitle = {Proceedings of the 55th Annual Meeting of the Association for Computational
               Linguistics, {ACL} 2017, Vancouver, Canada, July 30 - August 4, Volume
               1: Long Papers},
  pages     = {1601--1611},
  year      = {2017},
  timestamp = {Wed, 14 Nov 2018 10:51:41 +0100},
  bibsource = {dblp computer science bibliography, https://dblp.org}
}

@inproceedings{DBLP:conf/nips/HermannKGEKSB15,
  author    = {Karl Moritz Hermann and
               Tom{\'{a}}s Kocisk{\'{y}} and
               Edward Grefenstette and
               Lasse Espeholt and
               Will Kay and
               Mustafa Suleyman and
               Phil Blunsom},
  title     = {Teaching Machines to Read and Comprehend},
  booktitle = {Advances in Neural Information Processing Systems 28: Annual Conference
               on Neural Information Processing Systems 2015, December 7-12, 2015,
               Montreal, Quebec, Canada},
  pages     = {1693--1701},
  year      = {2015},
  timestamp = {Fri, 08 Apr 2016 19:32:52 +0200},
  bibsource = {dblp computer science bibliography, https://dblp.org}
}

@inproceedings{DBLP:conf/emnlp/RajpurkarZLL16,
  author    = {Pranav Rajpurkar and
               Jian Zhang and
               Konstantin Lopyrev and
               Percy Liang},
  title     = {SQuAD: 100, 000+ Questions for Machine Comprehension of Text},
  booktitle = {Proceedings of the 2016 Conference on Empirical Methods in Natural
               Language Processing, {EMNLP} 2016, Austin, Texas, USA, November 1-4,
               2016},
  pages     = {2383--2392},
  year      = {2016},
  timestamp = {Fri, 04 Nov 2016 14:45:31 +0100},
  bibsource = {dblp computer science bibliography, https://dblp.org}
}

@inproceedings{DBLP:conf/acl/JansenSC14,
  author    = {Peter Jansen and
               Mihai Surdeanu and
               Peter Clark},
  title     = {Discourse Complements Lexical Semantics for Non-factoid Answer Reranking},
  booktitle = {Proceedings of the 52nd Annual Meeting of the Association for Computational
               Linguistics, {ACL} 2014, June 22-27, 2014, Baltimore, MD, USA, Volume
               1: Long Papers},
  pages     = {977--986},
  year      = {2014},
  timestamp = {Mon, 28 Jul 2014 19:09:09 +0200},
  bibsource = {dblp computer science bibliography, https://dblp.org}
}

@inproceedings{chai2004discourse,
  title={Discourse structure for context question answering},
  author={Chai, Joyce Y and Jin, Rong},
  booktitle={Proceedings of the Workshop on Pragmatics of Question Answering at HLT-NAACL 2004},
  year={2004}
}

@inproceedings{DBLP:conf/acl/NarasimhanB15,
  author    = {Karthik Narasimhan and
               Regina Barzilay},
  title     = {Machine Comprehension with Discourse Relations},
  booktitle = {Proceedings of the 53rd Annual Meeting of the Association for Computational
               Linguistics and the 7th International Joint Conference on Natural
               Language Processing of the Asian Federation of Natural Language Processing,
               {ACL} 2015, July 26-31, 2015, Beijing, China, Volume 1: Long Papers},
  pages     = {1253--1262},
  year      = {2015},
  timestamp = {Sun, 02 Aug 2015 19:26:07 +0200},
  bibsource = {dblp computer science bibliography, https://dblp.org}
}

@inproceedings{DBLP:conf/lrec/PrasadDLMRJW08,
  author    = {Rashmi Prasad and
               Nikhil Dinesh and
               Alan Lee and
               Eleni Miltsakaki and
               Livio Robaldo and
               Aravind K. Joshi and
               Bonnie L. Webber},
  title     = {The Penn Discourse TreeBank 2.0},
  booktitle = {Proceedings of the International Conference on Language Resources
               and Evaluation, {LREC} 2008, 26 May - 1 June 2008, Marrakech, Morocco},
  year      = {2008},
  timestamp = {Fri, 04 Jun 2010 15:14:09 +0200},
  bibsource = {dblp computer science bibliography, https://dblp.org}
}

@article{DBLP:journals/ijsc/BiranR11,
  author    = {Or Biran and
               Owen Rambow},
  title     = {Identifying Justifications in Written Dialogs by Classifying Text
               as Argumentative},
  journal   = {Int. J. Semantic Computing},
  volume    = {5},
  number    = {4},
  pages     = {363--381},
  year      = {2011},
  timestamp = {Sat, 27 May 2017 14:23:01 +0200},
  bibsource = {dblp computer science bibliography, https://dblp.org}
}

@inproceedings{DBLP:conf/emnlp/StabG14,
  author    = {Christian Stab and
               Iryna Gurevych},
  title     = {Identifying Argumentative Discourse Structures in Persuasive Essays},
  booktitle = {Proceedings of the 2014 Conference on Empirical Methods in Natural
               Language Processing, {EMNLP} 2014, October 25-29, 2014, Doha, Qatar,
               {A} meeting of SIGDAT, a Special Interest Group of the {ACL}},
  pages     = {46--56},
  year      = {2014},
  timestamp = {Sat, 15 Nov 2014 14:45:18 +0100},
  bibsource = {dblp computer science bibliography, https://dblp.org}
}

@phdthesis{marcu1998rhetorical,
  title={The rhetorical parsing, summarization, and generation of natural language texts. Toronto, University of Toronto},
  author={Marcu, D},
  year={1998},
  school={Tesis doctoral}
}


@article{DBLP:journals/corr/cs-CL-0006023,
  author    = {Andreas Stolcke and
               Klaus Ries and
               Noah Coccaro and
               Elizabeth Shriberg and
               Rebecca A. Bates and
               Daniel Jurafsky and
               Paul Taylor and
               Rachel Martin and
               Carol Van Ess{-}Dykema and
               Marie Meteer},
  title     = {Dialogue Act Modeling for Automatic Tagging and Recognition of Conversational
               Speech},
  journal   = {CoRR},
  volume    = {cs.CL/0006023},
  year      = {2000},
  timestamp = {Mon, 13 Aug 2018 16:47:24 +0200},
  bibsource = {dblp computer science bibliography, https://dblp.org}
}

@inproceedings{DBLP:conf/acl/OhTHSSO13,
  author    = {Jong{-}Hoon Oh and
               Kentaro Torisawa and
               Chikara Hashimoto and
               Motoki Sano and
               Stijn De Saeger and
               Kiyonori Ohtake},
  title     = {Why-Question Answering using Intra- and Inter-Sentential Causal Relations},
  booktitle = {Proceedings of the 51st Annual Meeting of the Association for Computational
               Linguistics, {ACL} 2013, 4-9 August 2013, Sofia, Bulgaria, Volume
               1: Long Papers},
  pages     = {1733--1743},
  year      = {2013},
  timestamp = {Tue, 26 Nov 2013 16:42:48 +0100},
  bibsource = {dblp computer science bibliography, https://dblp.org}
}

@article{DBLP:journals/ir/VerberneHTRB11,
  author    = {Suzan Verberne and
               Hans van Halteren and
               Daphne Theijssen and
               Stephan Raaijmakers and
               Lou Boves},
  title     = {Learning to rank for\emph{ why}-question answering},
  journal   = {Inf. Retr.},
  volume    = {14},
  number    = {2},
  pages     = {107--132},
  year      = {2011},
  timestamp = {Fri, 30 Nov 2018 13:24:52 +0100},
  bibsource = {dblp computer science bibliography, https://dblp.org}
}

@inproceedings{DBLP:conf/naacl/JiHE16,
  author    = {Yangfeng Ji and
               Gholamreza Haffari and
               Jacob Eisenstein},
  title     = {A Latent Variable Recurrent Neural Network for Discourse-Driven Language
               Models},
  booktitle = {{NAACL} {HLT} 2016, The 2016 Conference of the North American Chapter
               of the Association for Computational Linguistics: Human Language Technologies,
               San Diego California, USA, June 12-17, 2016},
  pages     = {332--342},
  year      = {2016},
  timestamp = {Tue, 13 Sep 2016 20:32:15 +0200},
  bibsource = {dblp computer science bibliography, https://dblp.org}
}

@inproceedings{DBLP:conf/acl/ChenFWB17,
  author    = {Danqi Chen and
               Adam Fisch and
               Jason Weston and
               Antoine Bordes},
  title     = {Reading Wikipedia to Answer Open-Domain Questions},
  booktitle = {Proceedings of the 55th Annual Meeting of the Association for Computational
               Linguistics, {ACL} 2017, Vancouver, Canada, July 30 - August 4, Volume
               1: Long Papers},
  pages     = {1870--1879},
  year      = {2017},
  timestamp = {Fri, 04 Aug 2017 16:38:24 +0200},
  bibsource = {dblp computer science bibliography, https://dblp.org}
}

@inproceedings{DBLP:conf/acl/RajpurkarJL18,
  author    = {Pranav Rajpurkar and
               Robin Jia and
               Percy Liang},
  title     = {Know What You Don't Know: Unanswerable Questions for SQuAD},
  booktitle = {Proceedings of the 56th Annual Meeting of the Association for Computational
               Linguistics, {ACL} 2018, Melbourne, Australia, July 15-20, 2018, Volume
               2: Short Papers},
  pages     = {784--789},
  year      = {2018},
  timestamp = {Thu, 12 Jul 2018 14:22:48 +0200},
  bibsource = {dblp computer science bibliography, https://dblp.org}
}

@inproceedings{DBLP:conf/aaai/AydinYLLGD14,
  author    = {Bahadir Ismail Aydin and
               Yavuz Selim Yilmaz and
               Yaliang Li and
               Qi Li and
               Jing Gao and
               Murat Demirbas},
  title     = {Crowdsourcing for Multiple-Choice Question Answering},
  booktitle = {Proceedings of the Twenty-Eighth {AAAI} Conference on Artificial Intelligence,
               July 27 -31, 2014, Qu{\'{e}}bec City, Qu{\'{e}}bec, Canada.},
  pages     = {2946--2953},
  year      = {2014},
  timestamp = {Sat, 01 Sep 2018 20:51:56 +0200},
  bibsource = {dblp computer science bibliography, https://dblp.org}
}

@inproceedings{DBLP:conf/aaai/KhashabiKSR18,
  author    = {Daniel Khashabi and
               Tushar Khot and
               Ashish Sabharwal and
               Dan Roth},
  title     = {Question Answering as Global Reasoning Over Semantic Abstractions},
  booktitle = {Proceedings of the Thirty-Second {AAAI} Conference on Artificial Intelligence,
               (AAAI-18), the 30th innovative Applications of Artificial Intelligence
               (IAAI-18), and the 8th {AAAI} Symposium on Educational Advances in
               Artificial Intelligence (EAAI-18), New Orleans, Louisiana, USA, February
               2-7, 2018},
  pages     = {1905--1914},
  year      = {2018},
  timestamp = {Tue, 23 Oct 2018 06:42:15 +0200},
  bibsource = {dblp computer science bibliography, https://dblp.org}
}

@article{DBLP:journals/corr/LeeKP016,
  author    = {Kenton Lee and
               Tom Kwiatkowski and
               Ankur P. Parikh and
               Dipanjan Das},
  title     = {Learning Recurrent Span Representations for Extractive Question Answering},
  journal   = {CoRR},
  volume    = {abs/1611.01436},
  year      = {2016},
  archivePrefix = {arXiv},
  timestamp = {Mon, 13 Aug 2018 16:48:23 +0200},
  bibsource = {dblp computer science bibliography, https://dblp.org}
}

@inproceedings{DBLP:conf/acl/KadlecSBK16,
  author    = {Rudolf Kadlec and
               Martin Schmid and
               Ondrej Bajgar and
               Jan Kleindienst},
  title     = {Text Understanding with the Attention Sum Reader Network},
  booktitle = {Proceedings of the 54th Annual Meeting of the Association for Computational
               Linguistics, {ACL} 2016, August 7-12, 2016, Berlin, Germany, Volume
               1: Long Papers},
  year      = {2016},
  timestamp = {Mon, 15 Aug 2016 20:10:51 +0200},
  bibsource = {dblp computer science bibliography, https://dblp.org}
}

@inproceedings{DBLP:conf/kdd/ShenHGC17,
  author    = {Yelong Shen and
               Po{-}Sen Huang and
               Jianfeng Gao and
               Weizhu Chen},
  title     = {ReasoNet: Learning to Stop Reading in Machine Comprehension},
  booktitle = {Proceedings of the 23rd {ACM} {SIGKDD} International Conference on
               Knowledge Discovery and Data Mining, Halifax, NS, Canada, August 13
               - 17, 2017},
  pages     = {1047--1055},
  year      = {2017},
  timestamp = {Wed, 14 Nov 2018 10:52:06 +0100},
  bibsource = {dblp computer science bibliography, https://dblp.org}
}

@inproceedings{DBLP:conf/acl/QinWK17,
  author    = {Kechen Qin and
               Lu Wang and
               Joseph Kim},
  title     = {Joint Modeling of Content and Discourse Relations in Dialogues},
  booktitle = {Proceedings of the 55th Annual Meeting of the Association for Computational
               Linguistics, {ACL} 2017, Vancouver, Canada, July 30 - August 4, Volume
               1: Long Papers},
  pages     = {974--984},
  year      = {2017},
  timestamp = {Fri, 04 Aug 2017 16:38:24 +0200},
  bibsource = {dblp computer science bibliography, https://dblp.org}
}

@article{DBLP:journals/dad/BursteinTC13,
  author    = {Jill Burstein and
               Joel R. Tetreault and
               Martin Chodorow},
  title     = {Holistic Discourse Coherence Annotation for Noisy Essay Writing},
  journal   = {D{\&}D},
  volume    = {4},
  number    = {2},
  pages     = {34--52},
  year      = {2013},
  timestamp = {Tue, 01 Mar 2016 15:36:30 +0100},
  bibsource = {dblp computer science bibliography, https://dblp.org}
}

@article{DBLP:journals/tacl/WangBSQ17,
  author    = {Lu Wang and
               Nick Beauchamp and
               Sarah Shugars and
               Kechen Qin},
  title     = {Winning on the Merits: The Joint Effects of Content and Style on Debate
               Outcomes},
  journal   = {{TACL}},
  volume    = {5},
  pages     = {219--232},
  year      = {2017},
  timestamp = {Tue, 25 Jul 2017 16:35:21 +0200},
  bibsource = {dblp computer science bibliography, https://dblp.org}
}

@inproceedings{DBLP:conf/sigir/PragerBCR00,
  author    = {John M. Prager and
               Eric W. Brown and
               Anni Coden and
               Dragomir R. Radev},
  title     = {Question-answering by predictive annotation},
  booktitle = {{SIGIR} 2000: Proceedings of the 23rd Annual International {ACM} {SIGIR}
               Conference on Research and Development in Information Retrieval, July
               24-28, 2000, Athens, Greece},
  pages     = {184--191},
  year      = {2000},
  timestamp = {Tue, 06 Nov 2018 11:07:25 +0100},
  bibsource = {dblp computer science bibliography, https://dblp.org}
}

@inproceedings{DBLP:conf/flairs/RooneyWB12,
  author    = {Niall Rooney and
               Hui Wang and
               Fiona Browne},
  title     = {Applying Kernel Methods to Argumentation Mining},
  booktitle = {Proceedings of the Twenty-Fifth International Florida Artificial Intelligence
               Research Society Conference, Marco Island, Florida, USA, May 23-25,
               2012},
  year      = {2012},
  timestamp = {Tue, 19 Jun 2018 19:33:47 +0200},
  bibsource = {dblp computer science bibliography, https://dblp.org}
}


@inproceedings{DBLP:conf/acl/FengH11,
  author    = {Vanessa Wei Feng and
               Graeme Hirst},
  title     = {Classifying arguments by scheme},
  booktitle = {The 49th Annual Meeting of the Association for Computational Linguistics:
               Human Language Technologies, Proceedings of the Conference, 19-24
               June, 2011, Portland, Oregon, {USA}},
  pages     = {987--996},
  year      = {2011},
  timestamp = {Tue, 16 Jan 2018 17:41:33 +0100},
  bibsource = {dblp computer science bibliography, https://dblp.org}
}

@phdthesis{teufel1999argumentative,
  title={Argumentative zoning: Information extraction from scientific text},
  author={Teufel, Simone and others},
  year={1999},
  school={Citeseer}
}

@inproceedings{DBLP:conf/lrec/ReedPRM08,
  author    = {Chris Reed and
               Raquel Mochales Palau and
               Glenn Rowe and
               Marie{-}Francine Moens},
  title     = {Language Resources for Studying Argument},
  booktitle = {Proceedings of the International Conference on Language Resources
               and Evaluation, {LREC} 2008, 26 May - 1 June 2008, Marrakech, Morocco},
  year      = {2008},
  timestamp = {Fri, 04 Jun 2010 15:14:11 +0200},
  bibsource = {dblp computer science bibliography, https://dblp.org}
}

@inproceedings{DBLP:conf/coling/StabG14,
  author    = {Christian Stab and
               Iryna Gurevych},
  title     = {Annotating Argument Components and Relations in Persuasive Essays},
  booktitle = {{COLING} 2014, 25th International Conference on Computational Linguistics,
               Proceedings of the Conference: Technical Papers, August 23-29, 2014,
               Dublin, Ireland},
  pages     = {1501--1510},
  year      = {2014},
  timestamp = {Mon, 06 Oct 2014 09:58:51 +0200},
  bibsource = {dblp computer science bibliography, https://dblp.org}
}

@phdthesis{assiri2011test,
  title={Test-taking strategy use on the reading section of the TOEFL iBT: A study of Arab ESL learners},
  author={Assiri, Mohammed S},
  year={2011},
  school={Oklahoma State University}
}

@inproceedings{sungatullina2016metacognitive,
  title={Metacognitive awareness of TOEFL reading comprehension strategies},
  author={Sungatullina, Dilyana D and Zalyaeva, Ekaterina O and Gorelova, Yuliya N},
  booktitle={SHS Web of Conferences},
  volume={26},
  pages={01046},
  year={2016},
  organization={EDP Sciences}
}

@inproceedings{DBLP:conf/emnlp/DaxenbergerEHSG17,
  author    = {Johannes Daxenberger and
               Steffen Eger and
               Ivan Habernal and
               Christian Stab and
               Iryna Gurevych},
  title     = {What is the Essence of a Claim? Cross-Domain Claim Identification},
  booktitle = {Proceedings of the 2017 Conference on Empirical Methods in Natural
               Language Processing, {EMNLP} 2017, Copenhagen, Denmark, September
               9-11, 2017},
  pages     = {2055--2066},
  year      = {2017},
  timestamp = {Tue, 30 Jan 2018 13:42:04 +0100},
  bibsource = {dblp computer science bibliography, https://dblp.org}
}

@inproceedings{DBLP:conf/acl/WangYWCZ17,
  author    = {Wenhui Wang and
               Nan Yang and
               Furu Wei and
               Baobao Chang and
               Ming Zhou},
  title     = {Gated Self-Matching Networks for Reading Comprehension and Question
               Answering},
  booktitle = {Proceedings of the 55th Annual Meeting of the Association for Computational
               Linguistics, {ACL} 2017, Vancouver, Canada, July 30 - August 4, Volume
               1: Long Papers},
  pages     = {189--198},
  year      = {2017},
  timestamp = {Tue, 12 Jun 2018 12:05:49 +0200},
  bibsource = {dblp computer science bibliography, https://dblp.org}
}

@article{DBLP:journals/corr/PanLZCCH17,
  author    = {Boyuan Pan and
               Hao Li and
               Zhou Zhao and
               Bin Cao and
               Deng Cai and
               Xiaofei He},
  title     = {{MEMEN:} Multi-layer Embedding with Memory Networks for Machine Comprehension},
  journal   = {CoRR},
  volume    = {abs/1707.09098},
  year      = {2017},
  archivePrefix = {arXiv},
  timestamp = {Mon, 13 Aug 2018 16:48:46 +0200},
  bibsource = {dblp computer science bibliography, https://dblp.org}
}

@inproceedings{DBLP:conf/acl/CuiCWWLH17,
  author    = {Yiming Cui and
               Zhipeng Chen and
               Si Wei and
               Shijin Wang and
               Ting Liu and
               Guoping Hu},
  title     = {Attention-over-Attention Neural Networks for Reading Comprehension},
  booktitle = {Proceedings of the 55th Annual Meeting of the Association for Computational
               Linguistics, {ACL} 2017, Vancouver, Canada, July 30 - August 4, Volume
               1: Long Papers},
  pages     = {593--602},
  year      = {2017},
  timestamp = {Wed, 20 Jun 2018 18:54:06 +0200},
  bibsource = {dblp computer science bibliography, https://dblp.org}
}


@inproceedings{DBLP:conf/iclr/XiongZS17,
  author    = {Caiming Xiong and
               Victor Zhong and
               Richard Socher},
  title     = {Dynamic Coattention Networks For Question Answering},
  booktitle = {5th International Conference on Learning Representations, {ICLR} 2017,
               Toulon, France, April 24-26, 2017, Conference Track Proceedings},
  year      = {2017},
  timestamp = {Thu, 04 Apr 2019 13:20:07 +0200},
  bibsource = {dblp computer science bibliography, https://dblp.org}
}

@article{DBLP:journals/corr/YuHBP14,
  author    = {Lei Yu and
               Karl Moritz Hermann and
               Phil Blunsom and
               Stephen Pulman},
  title     = {Deep Learning for Answer Sentence Selection},
  journal   = {CoRR},
  volume    = {abs/1412.1632},
  year      = {2014},
  archivePrefix = {arXiv},
  timestamp = {Mon, 13 Aug 2018 16:47:00 +0200},
  bibsource = {dblp computer science bibliography, https://dblp.org}
}

@inproceedings{DBLP:conf/asru/FengXGWZ15,
  author    = {Minwei Feng and
               Bing Xiang and
               Michael R. Glass and
               Lidan Wang and
               Bowen Zhou},
  title     = {Applying deep learning to answer selection: {A} study and an open
               task},
  booktitle = {2015 {IEEE} Workshop on Automatic Speech Recognition and Understanding,
               {ASRU} 2015, Scottsdale, AZ, USA, December 13-17, 2015},
  pages     = {813--820},
  year      = {2015},
  timestamp = {Fri, 26 May 2017 00:51:03 +0200},
  bibsource = {dblp computer science bibliography, https://dblp.org}
}

@article{DBLP:journals/corr/TanXZ15,
  author    = {Ming Tan and
               Bing Xiang and
               Bowen Zhou},
  title     = {LSTM-based Deep Learning Models for non-factoid answer selection},
  journal   = {CoRR},
  volume    = {abs/1511.04108},
  year      = {2015},
  archivePrefix = {arXiv},
  timestamp = {Mon, 13 Aug 2018 16:46:33 +0200},
  bibsource = {dblp computer science bibliography, https://dblp.org}
}

@inproceedings{DBLP:conf/emnlp/LiLJH15,
  author    = {Jiwei Li and
               Thang Luong and
               Dan Jurafsky and
               Eduard H. Hovy},
  title     = {When Are Tree Structures Necessary for Deep Learning of Representations?},
  booktitle = {Proceedings of the 2015 Conference on Empirical Methods in Natural
               Language Processing, {EMNLP} 2015, Lisbon, Portugal, September 17-21,
               2015},
  pages     = {2304--2314},
  year      = {2015},
  timestamp = {Wed, 14 Oct 2015 09:56:24 +0200},
  bibsource = {dblp computer science bibliography, https://dblp.org}
}

@inproceedings{prasad2008penn,
  title={The Penn Discourse TreeBank 2.0.},
  author={Prasad, Rashmi and Dinesh, Nikhil and Lee, Alan and Miltsakaki, Eleni and Robaldo, Livio and Joshi, Aravind K and Webber, Bonnie L},
  booktitle={LREC},
  year={2008},
  organization={Citeseer}
}

@book{brown1983discourse,
  title={Discourse analysis},
  author={Brown, Gillian and Gillian, Brown and Yule, George},
  year={1983},
  publisher={Cambridge university press}
}

@article{DBLP:journals/corr/SordoniBB16,
  author    = {Alessandro Sordoni and
               Phillip Bachman and
               Yoshua Bengio},
  title     = {Iterative Alternating Neural Attention for Machine Reading},
  journal   = {CoRR},
  volume    = {abs/1606.02245},
  year      = {2016},
  archivePrefix = {arXiv},
  timestamp = {Mon, 13 Aug 2018 16:46:22 +0200},
  bibsource = {dblp computer science bibliography, https://dblp.org}
}

@inproceedings{DBLP:journals/corr/HillBCW15,
  author    = {Felix Hill and
               Antoine Bordes and
               Sumit Chopra and
               Jason Weston},
  title     = {The Goldilocks Principle: Reading Children's Books with Explicit Memory
               Representations},
  booktitle = {4th International Conference on Learning Representations, {ICLR} 2016,
               San Juan, Puerto Rico, May 2-4, 2016, Conference Track Proceedings},
  year      = {2016},
  timestamp = {Fri, 29 Mar 2019 10:35:07 +0100},
  bibsource = {dblp computer science bibliography, https://dblp.org}
}

@inproceedings{DBLP:conf/icml/KumarIOIBGZPS16,
  author    = {Ankit Kumar and
               Ozan Irsoy and
               Peter Ondruska and
               Mohit Iyyer and
               James Bradbury and
               Ishaan Gulrajani and
               Victor Zhong and
               Romain Paulus and
               Richard Socher},
  title     = {Ask Me Anything: Dynamic Memory Networks for Natural Language Processing},
  booktitle = {Proceedings of the 33nd International Conference on Machine Learning,
               {ICML} 2016, New York City, NY, USA, June 19-24, 2016},
  pages     = {1378--1387},
  year      = {2016},
  timestamp = {Wed, 03 Apr 2019 18:02:22 +0200},
  bibsource = {dblp computer science bibliography, https://dblp.org}
}

@inproceedings{DBLP:conf/naacl/DhingraJYCS18,
  author    = {Bhuwan Dhingra and
               Qiao Jin and
               Zhilin Yang and
               William W. Cohen and
               Ruslan Salakhutdinov},
  title     = {Neural Models for Reasoning over Multiple Mentions Using Coreference},
  booktitle = {Proceedings of the 2018 Conference of the North American Chapter of
               the Association for Computational Linguistics: Human Language Technologies,
               NAACL-HLT, New Orleans, Louisiana, USA, June 1-6, 2018, Volume 2 (Short
               Papers)},
  pages     = {42--48},
  year      = {2018},
  timestamp = {Wed, 30 May 2018 15:04:59 +0200},
  bibsource = {dblp computer science bibliography, https://dblp.org}
}

@inproceedings{DBLP:conf/ijcai/HuPHQW018,
  author    = {Minghao Hu and
               Yuxing Peng and
               Zhen Huang and
               Xipeng Qiu and
               Furu Wei and
               Ming Zhou},
  title     = {Reinforced Mnemonic Reader for Machine Reading Comprehension},
  booktitle = {Proceedings of the Twenty-Seventh International Joint Conference on
               Artificial Intelligence, {IJCAI} 2018, July 13-19, 2018, Stockholm,
               Sweden.},
  pages     = {4099--4106},
  year      = {2018},
  timestamp = {Sat, 28 Jul 2018 14:39:21 +0200},
  bibsource = {dblp computer science bibliography, https://dblp.org}
}

@inproceedings{DBLP:conf/acl/DhingraLYCS17,
  author    = {Bhuwan Dhingra and
               Hanxiao Liu and
               Zhilin Yang and
               William W. Cohen and
               Ruslan Salakhutdinov},
  title     = {Gated-Attention Readers for Text Comprehension},
  booktitle = {Proceedings of the 55th Annual Meeting of the Association for Computational
               Linguistics, {ACL} 2017, Vancouver, Canada, July 30 - August 4, Volume
               1: Long Papers},
  pages     = {1832--1846},
  year      = {2017},
  timestamp = {Fri, 04 Aug 2017 16:38:24 +0200},
  bibsource = {dblp computer science bibliography, https://dblp.org}
}

@inproceedings{DBLP:conf/nips/SukhbaatarSWF15,
  author    = {Sainbayar Sukhbaatar and
               Arthur Szlam and
               Jason Weston and
               Rob Fergus},
  title     = {End-To-End Memory Networks},
  booktitle = {Advances in Neural Information Processing Systems 28: Annual Conference
               on Neural Information Processing Systems 2015, December 7-12, 2015,
               Montreal, Quebec, Canada},
  pages     = {2440--2448},
  year      = {2015},
  timestamp = {Fri, 08 Apr 2016 19:32:52 +0200},
  bibsource = {dblp computer science bibliography, https://dblp.org}
}

@inproceedings{DBLP:conf/iclr/SeoKFH17,
  author    = {Min Joon Seo and
               Aniruddha Kembhavi and
               Ali Farhadi and
               Hannaneh Hajishirzi},
  title     = {Bidirectional Attention Flow for Machine Comprehension},
  booktitle = {5th International Conference on Learning Representations, {ICLR} 2017,
               Toulon, France, April 24-26, 2017, Conference Track Proceedings},
  year      = {2017},
  timestamp = {Thu, 04 Apr 2019 13:20:07 +0200},
  bibsource = {dblp computer science bibliography, https://dblp.org}
}

@article{DBLP:journals/corr/abs-1804-09541,
  author    = {Adams Wei Yu and
               David Dohan and
               Minh{-}Thang Luong and
               Rui Zhao and
               Kai Chen and
               Mohammad Norouzi and
               Quoc V. Le},
  title     = {QANet: Combining Local Convolution with Global Self-Attention for
               Reading Comprehension},
  journal   = {CoRR},
  volume    = {abs/1804.09541},
  year      = {2018},
  archivePrefix = {arXiv},
  timestamp = {Mon, 13 Aug 2018 16:48:18 +0200},
  bibsource = {dblp computer science bibliography, https://dblp.org}
}

@inproceedings{DBLP:conf/acl/TanSXZ16,
  author    = {Ming Tan and
               C{\'{\i}}cero Nogueira dos Santos and
               Bing Xiang and
               Bowen Zhou},
  title     = {Improved Representation Learning for Question Answer Matching},
  booktitle = {Proceedings of the 54th Annual Meeting of the Association for Computational
               Linguistics, {ACL} 2016, August 7-12, 2016, Berlin, Germany, Volume
               1: Long Papers},
  year      = {2016},
  timestamp = {Tue, 16 Aug 2016 08:34:35 +0200},
  bibsource = {dblp computer science bibliography, https://dblp.org}
}

@inproceedings{konda2000actor,
  title={Actor-critic algorithms},
  author={Konda, Vijay R and Tsitsiklis, John N},
  booktitle={Advances in neural information processing systems},
  pages={1008--1014},
  year={2000}
}
@article{peters2008natural,
  title={Natural actor-critic},
  author={Peters, Jan and Schaal, Stefan},
  journal={Neurocomputing},
  volume={71},
  number={7-9},
  pages={1180--1190},
  year={2008},
  publisher={Elsevier}
}
@article{mnih2015human,
  title={Human-level control through deep reinforcement learning},
  author={Mnih, Volodymyr and Kavukcuoglu, Koray and Silver, David and Rusu, Andrei A and Veness, Joel and Bellemare, Marc G and Graves, Alex and Riedmiller, Martin and Fidjeland, Andreas K and Ostrovski, Georg and others},
  journal={Nature},
  volume={518},
  number={7540},
  pages={529},
  year={2015},
  publisher={Nature Publishing Group}
}
@inproceedings{sutton2000policy,
  title={Policy gradient methods for reinforcement learning with function approximation},
  author={Sutton, Richard S and McAllester, David A and Singh, Satinder P and Mansour, Yishay},
  booktitle={Advances in neural information processing systems},
  pages={1057--1063},
  year={2000}
}